@inproceedings{Norell:2008:DTP:1813347.1813352,
 author = {Norell, Ulf},
 title = {Dependently Typed Programming in Agda},
 booktitle = {Proceedings of the 6th International Conference on Advanced Functional Programming},
 series = {AFP'08},
 year = {2009},
 isbn = {3-642-04651-7, 978-3-642-04651-3},
 location = {Heijen, The Netherlands},
 pages = {230--266},
 numpages = {37},
 url = {http://dl.acm.org/citation.cfm?id=1813347.1813352},
 acmid = {1813352},
 publisher = {Springer-Verlag},
 address = {Berlin, Heidelberg},
}
